<record><leader>00000cas a2200000 i 4500</leader><controlfield tag="001">1605703</controlfield><controlfield tag="008">750907d17901892maucr ne      0   a0eng c</controlfield><datafield ind1=" " ind2=" " tag="010"><subfield code="a">sn 83020611 </subfield></datafield><datafield ind1=" " ind2=" " tag="040"><subfield code="a">MUL</subfield><subfield code="b">eng</subfield><subfield code="e">rda</subfield><subfield code="c">MUL</subfield><subfield code="d">NPX</subfield><subfield code="d">OCL</subfield><subfield code="d">NPX</subfield><subfield code="d">NPA</subfield><subfield code="d">NPT</subfield><subfield code="d">NPU</subfield><subfield code="d">DLC</subfield><subfield code="d">KNP</subfield><subfield code="d">MGN</subfield><subfield code="d">YOX</subfield><subfield code="d">NVH</subfield><subfield code="d">KNP</subfield><subfield code="d">MGN</subfield><subfield code="d">HUL</subfield><subfield code="d">CNW</subfield><subfield code="d">CNK</subfield><subfield code="d">MGN</subfield><subfield code="d">HUL</subfield><subfield code="d">OCL</subfield><subfield code="d">FUG</subfield><subfield code="d">OBN</subfield><subfield code="d">NVF</subfield><subfield code="d">OCL</subfield><subfield code="d">CVF</subfield><subfield code="d">NYS</subfield><subfield code="d">CRL</subfield><subfield code="d">BUF</subfield><subfield code="d">KRTAS</subfield><subfield code="d">DLC</subfield><subfield code="d">OCLCQ</subfield><subfield code="d">OCLCA</subfield><subfield code="d">OCLCF</subfield><subfield code="d">CRL</subfield><subfield code="d">DLC</subfield><subfield code="d">CUS</subfield><subfield code="d">IUL</subfield></datafield><datafield ind1=" " ind2=" " tag="019"><subfield code="a">2267416</subfield></datafield><datafield ind1=" " ind2=" " tag="042"><subfield code="a">pcc</subfield></datafield><datafield ind1=" " ind2=" " tag="043"><subfield code="a">n-us-ma</subfield></datafield><datafield ind1="0" ind2="0" tag="050"><subfield code="a">Newspaper</subfield></datafield><datafield ind1="1" ind2="4" tag="050"><subfield code="a">AP2.A2</subfield><subfield code="b">A63 Box 28</subfield></datafield><datafield ind1="0" ind2=" " tag="130"><subfield code="a">Salem gazette (Salem, Mass. : 1790)</subfield></datafield><datafield ind1="1" ind2="4" tag="245"><subfield code="a">The Salem gazette.</subfield></datafield><datafield ind1="3" ind2=" " tag="246"><subfield code="a">Semi-weekly gazette</subfield><subfield code="f">&lt;Mar. 29, 1887&gt;</subfield></datafield><datafield ind1=" " ind2="1" tag="264"><subfield code="a">Salem [Mass.] :</subfield><subfield code="b">Thomas C. Cushing,</subfield><subfield code="c">1790-1892</subfield></datafield><datafield ind1=" " ind2=" " tag="300"><subfield code="a">volumes ;</subfield><subfield code="c">49 cm.</subfield></datafield><datafield ind1=" " ind2=" " tag="310"><subfield code="a">Semiweekly,</subfield><subfield code="b">Oct. 3, 1851-1892</subfield></datafield><datafield ind1=" " ind2=" " tag="321"><subfield code="a">Weekly,</subfield><subfield code="b">1790-May 31, 1796</subfield></datafield><datafield ind1=" " ind2=" " tag="321"><subfield code="a">Semiweekly,</subfield><subfield code="b">June 3, 1796-1846</subfield></datafield><datafield ind1=" " ind2=" " tag="321"><subfield code="a">Triweekly,</subfield><subfield code="b">Jan. 1, 1847-Sept. 30, 1851</subfield></datafield><datafield ind1=" " ind2=" " tag="336"><subfield code="a">text</subfield><subfield code="b">txt</subfield><subfield code="2">rdacontent</subfield></datafield><datafield ind1=" " ind2=" " tag="337"><subfield code="a">unmediated</subfield><subfield code="b">n</subfield><subfield code="2">rdamedia</subfield></datafield><datafield ind1=" " ind2=" " tag="338"><subfield code="a">volume</subfield><subfield code="b">nc</subfield><subfield code="2">rdacarrier</subfield></datafield><datafield ind1="0" ind2=" " tag="362"><subfield code="a">No. 1 in 1790 (January 5, 1790)- ; - Oct. 14, 1892.</subfield></datafield><datafield ind1=" " ind2=" " tag="500"><subfield code="a">Issues for Jan. 3, 1823-Jan. 1, 1841 called also new ser., v. 1, no. 1-v. 19, no. 1.</subfield></datafield><datafield ind1=" " ind2=" " tag="500"><subfield code="a">Publishers: W. Carlton, 1794-1797; T. Cushing, 1797-1822; Cushing &amp; Andrews, 1822-1823; F. Andrews, 1823-1825; Andrews &amp; Foote, 1825-1826; Foote &amp; Brown, 1826-1832; Foote &amp; Chisholm, 1833-1837; C. Foote, 1837-1839; Foote &amp; Brown, 1840-1841; W. Brown, 1841-1846; Foote &amp; Brown, 1847-1848; C. Foote, 1849-&lt;1854&gt;; Foote &amp; Horton, &lt;1854-1876&gt;.</subfield></datafield><datafield ind1=" " ind2=" " tag="500"><subfield code="a">Editors: T.C. Cushing, 1790-1794, 1797-1822; W. Bentley &amp; W. Carlton, 1794-1797; C. Foote, 1833-1854; J.B. Chisholm, &lt;1833&gt;; W. Brown, &lt;1835&gt;; N.A. Horton, &lt;1854-1876&gt;.</subfield></datafield><datafield ind1=" " ind2=" " tag="500"><subfield code="a">Title from masthead.</subfield></datafield><datafield ind1=" " ind2=" " tag="530"><subfield code="a">Also issued on microform from Readex Microprint Corp., and from Graphic Microfilm.</subfield></datafield><datafield ind1=" " ind2=" " tag="580"><subfield code="a">Weekly ed.: Essex County Mercury and weekly Salem gazette, 1863-1892.</subfield></datafield><datafield ind1=" " ind2=" " tag="588"><subfield code="a">Latest issue consulted: Tri-weekly series, vol. 3, no. 153 (December 29, 1849); Readex, America's Historical Newspapers (viewed October 31, 2017).</subfield></datafield><datafield ind1=" " ind2="0" tag="651"><subfield code="a">Salem (Mass.)</subfield><subfield code="v">Newspapers.</subfield></datafield><datafield ind1=" " ind2="0" tag="651"><subfield code="a">Essex County (Mass.)</subfield><subfield code="v">Newspapers.</subfield></datafield><datafield ind1=" " ind2="7" tag="651"><subfield code="a">Massachusetts</subfield><subfield code="z">Essex County.</subfield><subfield code="2">fast</subfield><subfield code="0">(OCoLC)fst01205527</subfield></datafield><datafield ind1=" " ind2="7" tag="651"><subfield code="a">Massachusetts</subfield><subfield code="z">Salem.</subfield><subfield code="2">fast</subfield><subfield code="0">(OCoLC)fst01205839</subfield></datafield><datafield ind1=" " ind2="7" tag="655"><subfield code="a">Newspapers.</subfield><subfield code="2">fast</subfield><subfield code="0">(OCoLC)fst01423814</subfield></datafield><datafield ind1=" " ind2=" " tag="752"><subfield code="a">United States</subfield><subfield code="b">Massachusetts</subfield><subfield code="c">Essex</subfield><subfield code="d">Salem.</subfield></datafield><datafield ind1="1" ind2=" " tag="775"><subfield code="t">Essex County Mercury and weekly Salem gazette</subfield><subfield code="w">(DLC)sn 83020349</subfield><subfield code="w">(OCoLC)9330016</subfield></datafield><datafield ind1="0" ind2="8" tag="776"><subfield code="i">Microfilm version:</subfield><subfield code="t">Salem gazette (1790)</subfield><subfield code="w">(OCoLC)16111646</subfield></datafield><datafield ind1="0" ind2="0" tag="780"><subfield code="t">Salem Mercury (Salem, Mass. : 1788)</subfield><subfield code="w">(DLC)sn 83020495</subfield><subfield code="w">(OCoLC)2267418</subfield></datafield><datafield ind1="0" ind2="0" tag="785"><subfield code="t">Salem daily gazette</subfield><subfield code="w">(DLC)sn 86063509</subfield><subfield code="w">(OCoLC)13302269</subfield></datafield><datafield ind1="4" ind2="1" tag="856"><subfield code="u">http://infoweb.newsbank.com/?db=EANX&amp;s_browseRef=decades/1080E7A4DF561C28/all.xml</subfield></datafield><datafield ind1=" " ind2=" " tag="850"><subfield code="a">MH</subfield></datafield><datafield ind1=" " ind2=" " tag="938"><subfield code="a">Kirtas Technologies, Inc.</subfield><subfield code="b">KRTS</subfield><subfield code="n">733226</subfield></datafield><datafield ind1="1" ind2=" " tag="029"><subfield code="a">AU@</subfield><subfield code="b">000007735090</subfield></datafield></record>